@Article{art1,
  author =       "Author Name",
  title =        "Book Title",
  journal =      "Lecture Notes in Autonomous System",
  volume =       "1001",
  publisher =    "UFO",
  pages =        "900--921",
  year =         "2003",
  coden =        "LNCSD9",
  ISSN =         "0302-2345",
  bibdate =      "Sat Dec 7 10:05:42 MST 2003",
}

@inproceedings{lin2017focal,
  title={Focal loss for dense object detection},
  author={Lin, Tsung-Yi and Goyal, Priya and Girshick, Ross and He, Kaiming and Doll{\'a}r, Piotr},
  booktitle={Proceedings of the IEEE international conference on computer vision},
  pages={2980--2988},
  year={2017}
}

@inproceedings{tian2019fcos,
  title={Fcos: Fully convolutional one-stage object detection},
  author={Tian, Zhi and Shen, Chunhua and Chen, Hao and He, Tong},
  booktitle={Proceedings of the IEEE/CVF international conference on computer vision},
  pages={9627--9636},
  year={2019}
}

@inproceedings{he2015delving,
  title={Delving deep into rectifiers: Surpassing human-level performance on imagenet classification},
  author={He, Kaiming and Zhang, Xiangyu and Ren, Shaoqing and Sun, Jian},
  booktitle={Proceedings of the IEEE international conference on computer vision},
  pages={1026--1034},
  year={2015}
}

@inproceedings{john2019rvnet,
  title={RVNet: Deep sensor fusion of monocular camera and radar for image-based obstacle detection in challenging environments},
  author={John, Vijay and Mita, Seiichi},
  booktitle={Image and Video Technology: 9th Pacific-Rim Symposium, PSIVT 2019, Sydney, NSW, Australia, November 18--22, 2019, Proceedings 9},
  pages={351--364},
  year={2019},
  organization={Springer}
}

@article{yeong2021sensor,
  title={Sensor and sensor fusion technology in autonomous vehicles: A review},
  author={Yeong, De Jong and Velasco-Hernandez, Gustavo and Barry, John and Walsh, Joseph},
  journal={Sensors},
  volume={21},
  number={6},
  pages={2140},
  year={2021},
  publisher={MDPI}
}


@inproceedings{lin2014microsoft,
  title={Microsoft coco: Common objects in context},
  author={Lin, Tsung-Yi and Maire, Michael and Belongie, Serge and Hays, James and Perona, Pietro and Ramanan, Deva and Doll{\'a}r, Piotr and Zitnick, C Lawrence},
  booktitle={Computer Vision--ECCV 2014: 13th European Conference, Zurich, Switzerland, September 6-12, 2014, Proceedings, Part V 13},
  pages={740--755},
  year={2014},
  organization={Springer}
}

@article{yao2023radar,
  title={Radar-camera fusion for object detection and semantic segmentation in autonomous driving: A comprehensive review},
  author={Yao, Shanliang and Guan, Runwei and Huang, Xiaoyu and Li, Zhuoxiao and Sha, Xiangyu and Yue, Yong and Lim, Eng Gee and Seo, Hyungjoon and Man, Ka Lok and Zhu, Xiaohui and others},
  journal={arXiv preprint arXiv:2304.10410},
  year={2023}
}

@article{palffy2022multi,
  title={Multi-class road user detection with 3+ 1D radar in the View-of-Delft dataset},
  author={Palffy, Andras and Pool, Ewoud and Baratam, Srimannarayana and Kooij, Julian FP and Gavrila, Dariu M},
  journal={IEEE Robotics and Automation Letters},
  volume={7},
  number={2},
  pages={4961--4968},
  year={2022},
  publisher={IEEE}
}
@inproceedings{deziel2021pixset,
  title={Pixset: An opportunity for 3d computer vision to go beyond point clouds with a full-waveform lidar dataset},
  author={D{\'e}ziel, Jean--Luc and Merriaux, Pierre and Tremblay, Francis and Lessard, Dave and Plourde, Dominique and Stanguennec, Julien and Goulet, Pierre and Olivier, Pierre},
  booktitle={2021 IEEE International Intelligent Transportation Systems Conference (ITSC)},
  pages={2987--2993},
  year={2021},
  organization={IEEE}
}


@inproceedings{zheng2022tj4dradset,
  title={Tj4dradset: A 4d radar dataset for autonomous driving},
  author={Zheng, Lianqing and Ma, Zhixiong and Zhu, Xichan and Tan, Bin and Li, Sen and Long, Kai and Sun, Weiqi and Chen, Sihan and Zhang, Lu and Wan, Mengyue and others},
  booktitle={2022 IEEE 25th International Conference on Intelligent Transportation Systems (ITSC)},
  pages={493--498},
  year={2022},
  organization={IEEE}
}


@article{briefs2015mcity,
  title={Mcity Grand Opening},
  author={Briefs, UMTRI},
  journal={Research Review},
  volume={46},
  number={3},
  year={2015}
}
@misc{Lambert2019,
  author = {Lambert, Fred},
  title = {Watch Tesla Autopilot go through a snowstorm},
  year = {2019},
  howpublished = {\url{https://electrek.co/2019/01/28/tesla-autopilot-snow-storm/}},
  note = {[Last accessed 10 May 2021]}
}
@misc{cadillac2021supercruise,
  title = {Designed to take your hands and breath away},
  author = {{Cadillac General Motors}},
  year = {2021},
  howpublished = {\url{https://www.cadillac.com/ownership/vehicle-technology/super-cruise}},
  note = {Last accessed 10 May 2021}
}


@article{andrey1993temporal,
  title={A temporal analysis of rain-related crash risk},
  author={Andrey, Jean and Yagar, Sam},
  journal={Accident Analysis \& Prevention},
  volume={25},
  number={4},
  pages={465--472},
  year={1993},
  publisher={Elsevier}
}


@article{huang2019apolloscape,
  title={The apolloscape open dataset for autonomous driving and its application},
  author={Huang, Xinyu and Wang, Peng and Cheng, Xinjing and Zhou, Dingfu and Geng, Qichuan and Yang, Ruigang},
  journal={IEEE transactions on pattern analysis and machine intelligence},
  volume={42},
  number={10},
  pages={2702--2719},
  year={2019},
  publisher={IEEE}
}


@inproceedings{sun2020scalability,
  title={Scalability in perception for autonomous driving: Waymo open dataset},
  author={Sun, Pei and Kretzschmar, Henrik and Dotiwalla, Xerxes and Chouard, Aurelien and Patnaik, Vijaysai and Tsui, Paul and Guo, James and Zhou, Yin and Chai, Yuning and Caine, Benjamin and others},
  booktitle={Proceedings of the IEEE/CVF conference on computer vision and pattern recognition},
  pages={2446--2454},
  year={2020}
}


@inproceedings{li2022exploiting,
  title={Exploiting temporal relations on radar perception for autonomous driving},
  author={Li, Peizhao and Wang, Pu and Berntorp, Karl and Liu, Hongfu},
  booktitle={Proceedings of the IEEE/CVF Conference on Computer Vision and Pattern Recognition},
  pages={17071--17080},
  year={2022}
}

@article{chang2020spatial,
  title={Spatial attention fusion for obstacle detection using mmwave radar and vision sensor},
  author={Chang, Shuo and Zhang, Yifan and Zhang, Fan and Zhao, Xiaotong and Huang, Sai and Feng, Zhiyong and Wei, Zhiqing},
  journal={Sensors},
  volume={20},
  number={4},
  pages={956},
  year={2020},
  publisher={MDPI}
},

@article{broedermann2022hrfuser,
  title={HRFuser: A multi-resolution sensor fusion architecture for 2D object detection},
  author={Broedermann, Tim and Sakaridis, Christos and Dai, Dengxin and Van Gool, Luc},
  journal={arXiv preprint arXiv:2206.15157},
  year={2022}
},


@inproceedings{chu2023mt,
  title={MT-DETR: Robust End-to-end Multimodal Detection with Confidence Fusion},
  author={Chu, Shih-Yun and Lee, Ming-Sui},
  booktitle={Proceedings of the IEEE/CVF Winter Conference on Applications of Computer Vision},
  pages={5252--5261},
  year={2023}
},

% sensor fusion definition
@misc{sensor_fusion,
  title   = {Sensor Fusion},
  url     = {https://www.automotive-iq.com/autonomous-drive/articles/sensor-fusion-technical-challenges-for-level-4-5-self-driving-vehicles},
  year    = {2022},
  author  = {Cristian Tangemann},
  urldate = {28.09.2022},
  note    = {Accessed on 29.09.2022}
},

% figure 1
@misc{willems_2021,
  title   = {A DSP for implementing high-performance sensor fusion on an embedded budget},
  url     = {https://semiengineering.com/a-dsp-for-implementing-high-performance-sensor-fusion-on-an-embedded-budget/},
  journal = {Semiconductor Engineering},
  author  = {Willems, Markus},
  year    = {2021},
  month   = {Nov}
}

@article{nabati2020radar,
  title={Radar-camera sensor fusion for joint object detection and distance estimation in autonomous vehicles},
  author={Nabati, Ramin and Qi, Hairong},
  journal={arXiv preprint arXiv:2009.08428},
  year={2020}
}


% figure 2 and 3
   @misc{Sensor_modality_characteristics_1,
  title   = {Sensor Fusion for Autonomous Vehicles: Strategies, Methods, and Tradeoffs },
  url     = {https://youtu.be/2Fcmh7SLPBI},
  year    = {2022},
  author  = {Robert Lagani√®re},
  urldate = {18.12.2022},
  note    = {Accessed on 18.12.2022}
},
  
  % What is the topic?
  @misc{sensor_fusion_2,
  title   = {Real-Time Sensor Fusion Challenge},
  url     = {https://www.analog.com/en/education/landing-pages/001/real-time-sensor-fusion-challenge.html},
  year    = {2022},
  author  = {Dan Leibholz},
  urldate = {28.09.2022},
  note    = {Accessed on 29.09.2022}
},

  % What is the topic?
  @misc{sensor_fusion_3,
  title   = {Sensor Fusion Challenges},
  url     = {https://semiengineering.com/sensor-fusion-challenges-in-cars/},
  year    = {2022},
  author  = {Ann Steffora Mutschler},
  urldate = {28.09.2022},
  note    = {Accessed on 29.09.2022}
},
  
  % What is the topic?
  @misc{sensor_fusion_4,
  title   = {Challenges and Issues in Multisensor Fusion Approach},
  url     = {10.1155/2016/6931789},
  year    = {2022},
  author  = {Gregory-Koshmak-et-al},
  urldate = {28.09.2022},
  note    = {Accessed on 29.09.2022}
},

% What is the topic?
@misc{bijelic2020seeing,
  title     = {Seeing through fog without seeing fog: Deep multimodal sensor fusion in unseen adverse weather},
  author    = {Bijelic, Mario and Gruber, Tobias and Mannan, Fahim and Kraus, Florian and Ritter, Werner and Dietmayer, Klaus and Heide, Felix},
  booktitle = {Proceedings of the IEEE/CVF Conference on Computer Vision and Pattern Recognition},
  pages     = {11682--11692},
  year      = {2020}
},

% Why is it relevant?
 @misc{marketInsider,
   title={Sensor Fusion Market in Autonomous Vehicles - Growth, Trends, Forecasts (2020-2025)},  
   url={https://markets.businessinsider.com/news/stocks/sensor-fusion-market-in-autonomous-vehicles-growth-trends-forecasts-2020-2025-1029759714},year={2020},  
   month={Nov} 
},

@misc{federal-highway-administration-no-date,
  author = {Federal-Highway-Administration},
  title  = {{How Do Weather Events Impact Roads? - FHWA Road Weather Management}},
  url    = {https://ops.fhwa.dot.gov/weather/q1_roadimpact.htm}
},

@misc{cookson-2022,
  author = {Cookson, Graham},
  month  = {2},
  title  = {{Weather-Related Road Deaths in Europe ¬£15bn+ Per Year | INRIX}},
  year   = {2022},
  url    = {https://inrix.com/blog/blog-cost-of-weather/}
}

% Related works

@misc{Paek2022Jun,
  author       = {Paek, Dong-Hee and Kong, Seung-Hyun and Wijaya, Kevin Tirta},
  title        = {{K-Radar: 4D Radar Object Detection for Autonomous Driving in Various Weather Conditions}},
  journaltitle = {ArXiv e-prints},
  shortjournal = {arXiv},
  year         = {2022},
  month        = jun,
  eprint       = {2206.08171},
  url          = {https://doi.org/10.48550/arXiv.2206.08171},
  keywords     = {Computer Vision and Pattern Recognition (cs.CV), Artificial Intelligence (cs.AI)}
},

% Limitations
@article{zhang2023perception,
  title={Perception and sensing for autonomous vehicles under adverse weather conditions: A survey},
  author={Zhang, Yuxiao and Carballo, Alexander and Yang, Hanting and Takeda, Kazuya},
  journal={ISPRS Journal of Photogrammetry and Remote Sensing},
  volume={196},
  pages={146--177},
  year={2023},
  publisher={Elsevier}
}

@misc{feng2020deep,
  title     = {Deep multi-modal object detection and semantic segmentation for autonomous driving: Datasets, methods, and challenges},
  author    = {Feng, Di and Haase-Sch{\"u}tz, Christian and Rosenbaum, Lars and Hertlein, Heinz and Glaeser, Claudius and Timm, Fabian and Wiesbeck, Werner and Dietmayer, Klaus},
  journal   = {IEEE Transactions on Intelligent Transportation Systems},
  volume    = {22},
  number    = {3},
  pages     = {1341--1360},
  year      = {2020},
  publisher = {IEEE}
}

@misc{Matuszka2022Nov,
  author       = {Matuszka, Tam{\ifmmode\acute{a}\else\'{a}\fi}s and Barton, Iv{\ifmmode\acute{a}\else\'{a}\fi}n and Butykai, {\ifmmode\acute{A}\else\'{A}\fi}d{\ifmmode\acute{a}\else\'{a}\fi}m and Hajas, P{\ifmmode\acute{e}\else\'{e}\fi}ter and Kiss, D{\ifmmode\acute{a}\else\'{a}\fi}vid and Kov{\ifmmode\acute{a}\else\'{a}\fi}cs, Domonkos and Kuns{\ifmmode\acute{a}\else\'{a}\fi}gi-M{\ifmmode\acute{a}\else\'{a}\fi}t{\ifmmode\acute{e}\else\'{e}\fi}, S{\ifmmode\acute{a}\else\'{a}\fi}ndor and Lengyel, P{\ifmmode\acute{e}\else\'{e}\fi}ter and N{\ifmmode\acute{e}\else\'{e}\fi}meth, G{\ifmmode\acute{a}\else\'{a}\fi}bor and Pet{\ifmmode\mbox{\H{o}}\else\H{o}\fi}, Levente and Ribli, Dezs{\ifmmode\mbox{\H{o}}\else\H{o}\fi} and Szeghy, D{\ifmmode\acute{a}\else\'{a}\fi}vid and Vajna, Szabolcs and Varga, B{\ifmmode\acute{a}\else\'{a}\fi}lint},
  title        = {{aiMotive Dataset: A Multimodal Dataset for Robust Autonomous Driving with Long-Range Perception}},
  journaltitle = {ArXiv e-prints},
  shortjournal = {arXiv},
  year         = {2022},
  month        = nov,
  eprint       = {2211.09445},
  url          = {https://doi.org/10.48550/arXiv.2211.09445},
  keywords     = {Computer Vision and Pattern Recognition (cs.CV)}
}

@misc{Zhou2022May,
  author       = {Zhou, Yi and Liu, Lulu and Zhao, Haocheng and L{\ifmmode\acute{o}\else\'{o}\fi}pez-Ben{\ifmmode\acute{\imath}\else\'{\i}\fi}tez, Miguel and Yu, Limin and Yue, Yutao},
  title        = {{Towards Deep Radar Perception for Autonomous Driving: Datasets, Methods, and Challenges}},
  journaltitle = {Sensors},
  shortjournal = {Sensors},
  volume       = {22},
  number       = {11},
  pages        = {4208},
  year         = {2022},
  month        = may,
  issn         = {1424-8220},
  publisher    = {Multidisciplinary Digital Publishing Institute},
  url          = {https://doi.org/10.3390/s22114208},
  keywords     = {automotive radars, radar signal processing, object detection, multi-sensor fusion, deep learning, autonomous driving}
},

@article{yurtsever2020survey,
  title     = {A survey of autonomous driving: Common practices and emerging technologies},
  author    = {Yurtsever, Ekim and Lambert, Jacob and Carballo, Alexander and Takeda, Kazuya},
  journal   = {IEEE access},
  volume    = {8},
  pages     = {58443--58469},
  year      = {2020},
  publisher = {IEEE}
},
@misc{heide2023adverseweatherfusion,
    title = {Adverse Weather Fusion Supplement},
    howpublished = {\url{https://www.cs.princeton.edu/~fheide/AdverseWeatherFusion/figures/AdverseWeatherFusion_Supplement.pdf}},
    note = {Accessed: 2023-11-24},
    author = {Heide, Felix},
    year = {2023},
    institution = {Princeton University}
}


# Alexander Carballo et al. ‚ÄúLIBRE: The multiple 3D LiDAR dataset‚Äù. In: 2020 IEEE Intelligent Vehicles Symposium (IV). IEEE. 2020, pp. 1094‚Äì1101.
# generate bibtex of the paper

@article{carballo2020libre,
  title     = {LIBRE: The multiple 3D LiDAR dataset},
  author    = {Carballo, Alexander and Lambert, Jacob and Monrroy, Abraham and Wong, David and Narksri, Patiphon and Kitsukawa, Yuki and Takeuchi, Eijiro and Kato, Shinpei and Takeda, Kazuya},
  journal   = {IEEE Intelligent Vehicles Symposium (IV)},
  pages     = {1094--1101},
  year      = {2020},
  publisher = {IEEE}
}

# University of Michigan. Getting Traction: Tips for Traveling in Winter Weather. [Last accessed 06 May 2021]. url: https://mcity.umich.edu/wp- content/uploads/2020/10/mcity-driverless- shuttle-whitepaper.pdf.
# generate bibtex of the paper

@misc{mcity2020,
  title     = {Getting Traction: Tips for Traveling in Winter Weather},
  author    = {University of Michigan},
  year      = {2020},
  url       = {https://mcity.umich.edu/wp-content/uploads/2020/10/mcity-driverless-shuttle-whitepaper.pdf}
},

@article{brumbelow2022light,
  title     = {Light where it matters: IIHS headlight ratings are correlated with nighttime crash rates},
  author    = {Brumbelow, Matthew L},
  journal   = {Journal of safety research},
  volume    = {83},
  pages     = {379--387},
  year      = {2022},
  publisher = {Elsevier}
},

# site: https://straitsresearch.com/report/wearable-sensors-market#:~:text=Market%20Overview,period%20(2022%E2%80%932030)
# generate bibtex of the paper and also add access date as today

@misc{straitsresearch2021,
  title     = {Wearable Sensors Market},
  author    = {Straits Research},
  year      = {2021},
  url       = {https://straitsresearch.com/report/wearable-sensors-market#:~:text=Market%20Overview,period%20(2022%E2%80%932030)},
  urldate   = {2023-03-10}
},

@online{mordorintelligence2023,
  author  = {{Mordor intelligence}},
  title   = {Precision Farming Market Analysis, Industry Report, Trends, Size, and Share},
  url     = {https://www.mordorintelligence.com/industry-reports/global-precision-farming-market-industry#:~:text=The%20Precision%20Farming%20Market%20was,period%20(2021%2D2026).},
  urldate = {2023-03-10}
},

@online{fortunebusinessinsights2023,
  author  = {{Fortune business insights}},
  title   = {Aerospace and Defense Materials Market Size, Share, and Report, Forecast 2020-2027},
  url     = {https://www.fortunebusinessinsights.com/aerospace-defense-materials-market-102980},
  urldate = {2023-03-11}
},

@misc{usDepartmentofCommerce2016, 
  title={Getting traction: Tips for traveling in Winter weather}, 
  url={https://www.weather.gov/wrn/getting_traction}, 
  journal={National Weather Service}, 
  publisher={NOAA's National Weather Service}, 
  author={US Department of Commerce, NOAA}, 
  year={2016}, 
  month={Nov}
 },

 @misc{mardirosian2021lidar,
  author       = {Mardirosian, Raffi},
  title        = {Lidar vs. camera: driving in the rain},
  howpublished = {[Last accessed 10 April 2023]},
  year         = {2023},
  url          = {https://ouster.com/blog/lidar-vs-camera-comparison-in-the-rain/}
},

@article{zang2019impact,
  title     = {The impact of adverse weather conditions on autonomous vehicles: how rain, snow, fog, and hail affect the performance of a self-driving car},
  author    = {Zang, Shizhe and Ding, Ming and Smith, David and Tyler, Paul and Rakotoarivelo, Thierry and Kaafar, Mohamed Ali},
  journal   = {IEEE vehicular technology magazine},
  volume    = {14},
  number    = {2},
  pages     = {103--111},
  year      = {2019},
  publisher = {IEEE}
},

@inproceedings{fersch2016influence,
  title        = {The influence of rain on small aperture LiDAR sensors},
  author       = {Fersch, Thomas and Buhmann, Alexander and Koelpin, Alexander and Weigel, Robert},
  booktitle    = {German Microwave Conference (GeMiC)},
  pages        = {84--87},
  year         = {2016},
  organization = {IEEE}
},

@inproceedings{hasirlioglu2016modeling,
  title        = {Modeling and simulation of rain for the test of automotive sensor systems},
  author       = {Hasirlioglu, Sinan and Doric, Igor and Lauerer, Christian and Brandmeier, Thomas},
  booktitle    = {IEEE Intelligent Vehicles Symposium (IV)},
  pages        = {286--291},
  year         = {2016},
  organization = {IEEE}
},

@article{ziegler2014making,
  title     = {Making bertha drive‚Äîan autonomous journey on a historic route},
  author    = {Ziegler, Julius and Bender, Philipp and Schreiber, Markus and Lategahn, Henning and Strauss, Tobias and Stiller, Christoph and Dang, Thao and Franke, Uwe and Appenrodt, Nils and Keller, Christoph G and others},
  journal   = {IEEE Intelligent transportation systems magazine},
  volume    = {6},
  number    = {2},
  pages     = {8--20},
  year      = {2014},
  publisher = {IEEE}
},

@inproceedings{Sun_2020_CVPR,
  author    = {Sun, Pei and Kretzschmar, Henrik and Dotiwalla, Xerxes and Chouard, Aurelien and Patnaik, Vijaysai and Tsui, Paul and Guo, James and Zhou, Yin and Chai, Yuning and Caine, Benjamin and Vasudevan, Vijay and Han, Wei and Ngiam, Jiquan and Zhao, Hang and Timofeev, Aleksei and Ettinger, Scott and Krivokon, Maxim and Gao, Amy and Joshi, Aditya and Zhang, Yu and Shlens, Jonathon and Chen, Zhifeng and Anguelov, Dragomir},
  title     = {Scalability in Perception for Autonomous Driving: Waymo Open Dataset},
  booktitle = {Proceedings of the IEEE/CVF Conference on Computer Vision and Pattern Recognition (CVPR)},
  month     = {June},
  year      = {2020}
},

@inproceedings{caesar2020nuscenes,
  title     = {nuscenes: A multimodal dataset for autonomous driving},
  author    = {Caesar, Holger and Bankiti, Varun and Lang, Alex H and Vora, Sourabh and Liong, Venice Erin and Xu, Qiang and Krishnan, Anush and Pan, Yu and Baldan, Giancarlo and Beijbom, Oscar},
  booktitle = {Proceedings of the IEEE/CVF Conference on Computer Vision and Pattern Recognition (CVPR)},
  pages     = {11621--11631},
  year      = {2020}
},

@article{acarballo2020libre,
  title   = {{LIBRE}: The Multiple 3D LiDAR Dataset},
  author  = {Alexander Carballo and Jacob Lambert and Abraham Monrroy and David Wong and Patiphon Narksri and Yuki Kitsukawa and Eijiro Takeuchi and Shinpei Kato and Kazuya Takeda},
  journal = {arXiv preprint arXiv:2003.06129},
  year    = {2020},
  note    = {(accepted for presentation at IV2020)}
},

@inproceedings{ijaz2012analysis,
  title        = {Analysis of fog and smoke attenuation in a free space optical communication link under controlled laboratory conditions},
  author       = {Ijaz, Muhammad and Ghassemlooy, Zabih and Le Minh, Hoa and Rajbhandari, Sujan and Perez, J},
  booktitle    = {International Workshop on Optical Wireless Communications (IWOW)},
  pages        = {1--3},
  year         = {2012},
  organization = {IEEE}
},

@inproceedings{gultepe2008measurements,
  title        = {Measurements of light rain, drizzle and heavy fog},
  author       = {Gultepe, Ismail},
  booktitle    = {Precipitation: advances in measurement, estimation and prediction},
  pages        = {59--82},
  year         = {2008},
  organization = {Springer}
},

@book{adams2012robotic,
  title     = {Robotic navigation and mapping with radar},
  author    = {Adams, Martin and Adams, Martin David and Jose, Ebi},
  year      = {2012},
  publisher = {Artech House}
},

@article{brooker2007seeing,
  title     = {Seeing through dust and water vapor: Millimeter wave radar sensors for mining applications},
  author    = {Brooker, Graham and Hennessey, Ross and Lobsey, Craig and Bishop, Mark and Widzyk-Capehart, Eleonora},
  journal   = {Journal of Field Robotics},
  volume    = {24},
  number    = {7},
  pages     = {527--557},
  year      = {2007},
  publisher = {Wiley Online Library}
},

@inproceedings{xu2022learned,
  title        = {Learned Depth Estimation of 3D Imaging Radar for Indoor Mapping},
  author       = {Xu, Ruoyang and Dong, Wei and Sharma, Akash and Kaess, Michael},
  booktitle    = {IEEE/RSJ International Conference on Intelligent Robots and Systems (IROS)},
  pages        = {13260--13267},
  year         = {2022},
  organization = {IEEE}
},

@inproceedings{gourova2017analysis,
  title        = {Analysis of rain clutter detections in commercial 77 GHz automotive radar},
  author       = {Gourova, Rossiza and Krasnov, Oleg and Yarovoy, Alexander},
  booktitle    = {European Radar Conference (EURAD)},
  pages        = {25--28},
  year         = {2017},
  organization = {IEEE}
},

@inproceedings{yang2020radarnet,
  title        = {Radarnet: Exploiting radar for robust perception of dynamic objects},
  author       = {Yang, Bin and Guo, Runsheng and Liang, Ming and Casas, Sergio and Urtasun, Raquel},
  booktitle    = {Computer Vision--ECCV 2020: 16th European Conference, Glasgow, UK, August 23--28, 2020, Proceedings, Part XVIII 16},
  pages        = {496--512},
  year         = {2020},
  organization = {Springer}
},

@inproceedings{ulrich2021deepreflecs,
  title        = {DeepReflecs: Deep learning for automotive object classification with radar reflections},
  author       = {Ulrich, Michael and Gl{\"a}ser, Claudius and Timm, Fabian},
  booktitle    = {IEEE Radar Conference (RadarConf21)},
  pages        = {1--6},
  year         = {2021},
  organization = {IEEE}
}

@inproceedings{drews2022deepfusion,
  title        = {DeepFusion: A Robust and Modular 3D Object Detector for Lidars, Cameras and Radars},
  author       = {Drews, Florian and Feng, Di and Faion, Florian and Rosenbaum, Lars and Ulrich, Michael and Gl{\"a}ser, Claudius},
  booktitle    = {IEEE/RSJ International Conference on Intelligent Robots and Systems (IROS)},
  pages        = {560--567},
  year         = {2022},
  organization = {IEEE}
}

@article{liu2021robust,
  title     = {Robust target recognition and tracking of self-driving cars with radar and camera information fusion under severe weather conditions},
  author    = {Liu, Ze and Cai, Yingfeng and Wang, Hai and Chen, Long and Gao, Hongbo and Jia, Yunyi and Li, Yicheng},
  journal   = {IEEE Transactions on Intelligent Transportation Systems},
  volume    = {23},
  number    = {7},
  pages     = {6640--6653},
  year      = {2021},
  publisher = {IEEE}
}


@misc{fused_aeb, 
 title = {FLIR. Fused AEB with thermal can save lives}, 
 url = {https://www.flir.com/globalassets/industrial/oem/adas/flir-thermal-aeb-white-paper---final-v1.pdf}, 
 journal = {Fused AEB with thermal can save lives},
 accessdate = {2023-04-11},
},

@misc{VSILabs,
  title      = {Research Testing on ADAS Autonomous Vehicle Technologies},
  url        = {https://www.vsi-labs.com/},
  accessdate = {2023-04-11}
},

@article{radecki2016all,
  title   = {All weather perception: Joint data association, tracking, and classification for autonomous ground vehicles},
  author  = {Radecki, Peter and Campbell, Mark and Matzen, Kevin},
  journal = {arXiv preprint arXiv:1605.02196},
  year    = {2016}
},

@article{cai2020probabilistic,
  title={Probabilistic End-to-End Vehicle Navigation in Complex Dynamic Environments With Multimodal Sensor Fusion},
  author={Cai, Peide and Wang, Sukai and Sun, Yuxiang and Liu, Ming},
  journal={IEEE Robotics and Automation Letters},
  volume={5},
  number={3},
  pages={4632--4639},
  year={2020},
  publisher={IEEE},
  doi={10.1109/LRA.2020.2994027},
  url={https://dx.doi.org/10.1109/LRA.2020.2994027}
}

@article{galvao2021pedestrian,
  title={Pedestrian and Vehicle Detection in Autonomous Vehicle Perception Systems‚ÄîA Review},
  author={Galvao, Luiz G. and Abbod, M. and Kalganova, T. and Palade, V. and Huda, Md. Nazmul},
  journal={Sensors},
  volume={21},
  number={21},
  pages={7267},
  year={2021},
  publisher={MDPI},
  doi={10.3390/s21217267},
  url={https://dx.doi.org/10.3390/s21217267}
}

@article{diaby2021evidential,
  title={Evidential Data Fusion for Characterization of Pavement Surface Conditions during Winter Using a Multi-Sensor Approach},
  author={Diaby, Issiaka and Germain, M. and Go√Øta, K.},
  journal={Sensors},
  volume={21},
  number={24},
  pages={8218},
  year={2021},
  publisher={MDPI},
  doi={10.3390/s21248218},
  url={https://dx.doi.org/10.3390/s21248218}
}

@article{rizzoli2022multimodal,
  title={Multimodal Semantic Segmentation in Autonomous Driving: A Review of Current Approaches and Future Perspectives},
  author={Rizzoli, Giulia and Barbato, F. and Zanuttigh, P.},
  journal={Technologies},
  volume={10},
  number={4},
  pages={90},
  year={2022},
  publisher={MDPI},
  doi={10.3390/technologies10040090},
  url={https://dx.doi.org/10.3390/technologies10040090}
}


@inproceedings{emzivat2018formal,
  title        = {A formal approach for the design of a dependable perception system for autonomous vehicles},
  author       = {Emzivat, Yrvann and Ibanez-Guzman, Javier and Illy, Herv{\'e} and Martinet, Philippe and Roux, Olivier H},
  booktitle    = {21st International Conference on Intelligent Transportation Systems (ITSC)},
  pages        = {2452--2459},
  year         = {2018},
  organization = {IEEE}
}

@inproceedings{qian2021robust,
  title     = {Robust multimodal vehicle detection in foggy weather using complementary lidar and radar signals},
  author    = {Qian, Kun and Zhu, Shilin and Zhang, Xinyu and Li, Li Erran},
  booktitle = {Proceedings of the IEEE/CVF Conference on Computer Vision and Pattern Recognition (CVPR)},
  pages     = {444--453},
  year      = {2021}
},

@inproceedings{barnes2020oxford,
  title        = {The oxford radar robotcar dataset: A radar extension to the oxford robotcar dataset},
  author       = {Barnes, Dan and Gadd, Matthew and Murcutt, Paul and Newman, Paul and Posner, Ingmar},
  booktitle    = {IEEE International Conference on Robotics and Automation (ICRA)},
  pages        = {6433--6438},
  year         = {2020},
  organization = {IEEE}
},

@inproceedings{rawashdeh2021drivable,
  title        = {Drivable path detection using CNN sensor fusion for autonomous driving in the snow},
  author       = {Rawashdeh, Nathir A and Bos, Jeremy P and Abu-Alrub, Nader J},
  booktitle    = {Autonomous Systems: Sensors, Processing, and Security for Vehicles and Infrastructure 2021},
  volume       = {11748},
  pages        = {36--45},
  year         = {2021},
  organization = {SPIE}
},

@inproceedings{tan2008visibility,
  title        = {Visibility in bad weather from a single image},
  author       = {Tan, Robby T},
  booktitle    = {Proceedings of the IEEE/CVF Conference on Computer Vision and Pattern Recognition (CVPR)},
  pages        = {1--8},
  year         = {2008},
  organization = {IEEE}
},

@inproceedings{tarel2009fast,
  title        = {Fast visibility restoration from a single color or gray level image},
  author       = {Tarel, Jean-Philippe and Hautiere, Nicolas},
  booktitle    = {IEEE 12th international conference on computer vision},
  pages        = {2201--2208},
  year         = {2009},
  organization = {IEEE}
},

@inproceedings{chen2021psd,
  title     = {PSD: Principled synthetic-to-real dehazing guided by physical priors},
  author    = {Chen, Zeyuan and Wang, Yangchao and Yang, Yang and Liu, Dong},
  booktitle = {Proceedings of the IEEE/CVF Conference on Computer Vision and Pattern Recognition (CVPR)},
  pages     = {7180--7189},
  year      = {2021}
},

@inproceedings{zhang2021learning,
  title     = {Learning to restore hazy video: A new real-world dataset and a new method},
  author    = {Zhang, Xinyi and Dong, Hang and Pan, Jinshan and Zhu, Chao and Tai, Ying and Wang, Chengjie and Li, Jilin and Huang, Feiyue and Wang, Fei},
  booktitle = {Proceedings of the IEEE/CVF Conference on Computer Vision and Pattern Recognition (CVPR)},
  pages     = {9239--9248},
  year      = {2021}
},

@inproceedings{musat2021multi,
  title     = {Multi-weather city: Adverse weather stacking for autonomous driving},
  author    = {Mu»ôat, Valentina and Fursa, Ivan and Newman, Paul and Cuzzolin, Fabio and Bradley, Andrew},
  booktitle = {Proceedings of the IEEE/CVF International Conference on Computer Vision},
  pages     = {2906--2915},
  year      = {2021}
},

@inproceedings{timofte2018ntire,
  title     = {Ntire 2018 challenge on single image super-resolution: Methods and results},
  author    = {Timofte, Radu and Gu, Shuhang and Wu, Jiqing and Van Gool, Luc},
  booktitle = {Proceedings of the IEEE/CVF Conference on Computer Vision and Pattern Recognition (CVPR)},
  pages     = {852--863},
  year      = {2018}
},

@inproceedings{dosovitskiy2017carla,
  title        = {CARLA: An open urban driving simulator},
  author       = {Dosovitskiy, Alexey and Ros, German and Codevilla, Felipe and Lopez, Antonio and Koltun, Vladlen},
  booktitle    = {Conference on robot learning},
  pages        = {1--16},
  year         = {2017},
  organization = {PMLR}
},

@article{sun2021multi,
  title   = {Multi-target domain adaptation via unsupervised domain classification for weather invariant object detection},
  author  = {Sun, Ting and Chen, Jinlin and Ng, Francis},
  journal = {arXiv preprint arXiv:2103.13970},
  year    = {2021}
},

@inproceedings{zheng2020forkgan,
  title        = {Forkgan: Seeing into the rainy night},
  author       = {Zheng, Ziqiang and Wu, Yang and Han, Xinran and Shi, Jianbo},
  booktitle    = {Computer Vision--ECCV 2020: 16th European Conference, Glasgow, UK, August 23--28, 2020, Proceedings, Part III 16},
  pages        = {155--170},
  year         = {2020},
  organization = {Springer}
},

@inproceedings{lee2022perception,
  title        = {Perception-Friendly Video Enhancement for Autonomous Driving under Adverse Weather Conditions},
  author       = {Lee, Younkwan and Ko, Yeongmin and Kim, Yechan and Jeon, Moongu},
  booktitle    = {International Conference on Robotics and Automation (ICRA)},
  pages        = {7760--7767},
  year         = {2022},
  organization = {IEEE}
},

@inproceedings{geiger2012we,
  title        = {Are we ready for autonomous driving? the kitti vision benchmark suite},
  author       = {Geiger, Andreas and Lenz, Philip and Urtasun, Raquel},
  booktitle    = {Proceedings of the IEEE/CVF Conference on Computer Vision and Pattern Recognition (CVPR)},
  pages        = {3354--3361},
  year         = {2012},
  organization = {IEEE}
},

# bibtext for cityscapes dataset

@inproceedings{cordts2016cityscapes,
  title        = {The cityscapes dataset for semantic urban scene understanding},
  author       = {Cordts, Marius and Omran, Mohamed and Ramos, Sebastian and Rehfeld, Timo and Enzweiler, Markus and Benenson, Rodrigo and Franke, Uwe and Roth, Stefan and Schiele, Bernt},
  booktitle    = {Proceedings of the IEEE/CVF Conference on Computer Vision and Pattern Recognition (CVPR)},
  pages        = {3213--3223},
  year         = {2016}
},

@article{hassaballah2020vehicle,
  title     = {Vehicle detection and tracking in adverse weather using a deep learning framework},
  author    = {Hassaballah, Mahmoud and Kenk, Mourad A and Muhammad, Khan and Minaee, Shervin},
  journal   = {IEEE transactions on intelligent transportation systems},
  volume    = {22},
  number    = {7},
  pages     = {4230--4242},
  year      = {2020},
  publisher = {IEEE}
}

@article{matuszka2022aimotive,
  title   = {aiMotive Dataset: A Multimodal Dataset for Robust Autonomous Driving with Long-Range Perception},
  author  = {Matuszka, Tam{\'a}s and Barton, Iv{\'a}n and Butykai, {\'A}d{\'a}m and Hajas, P{\'e}ter and Kiss, D{\'a}vid and Kov{\'a}cs, Domonkos and Kuns{\'a}gi-M{\'a}t{\'e}, S{\'a}ndor and Lengyel, P{\'e}ter and N{\'e}meth, G{\'a}bor and Pet{\H{o}}, Levente and others},
  journal = {arXiv preprint arXiv:2211.09445},
  year    = {2022}
}

@inproceedings{sheeny2021radiate,
  title        = {RADIATE: A radar dataset for automotive perception in bad weather},
  author       = {Sheeny, Marcel and De Pellegrin, Emanuele and Mukherjee, Saptarshi and Ahrabian, Alireza and Wang, Sen and Wallace, Andrew},
  booktitle    = {IEEE International Conference on Robotics and Automation (ICRA)},
  pages        = {1--7},
  year         = {2021},
  organization = {IEEE}
}

@inproceedings{yan2020eu,
  title        = {EU long-term dataset with multiple sensors for autonomous driving},
  author       = {Yan, Zhi and Sun, Li and Krajn{\'\i}k, Tom{\'a}{\v{s}} and Ruichek, Yassine},
  booktitle    = {IEEE/RSJ International Conference on Intelligent Robots and Systems (IROS)},
  pages        = {10697--10704},
  year         = {2020},
  organization = {IEEE}
}

@inproceedings{kurup2022winter,
  title        = {Winter adverse driving dataset (WADS): year three},
  author       = {Kurup, Akhil and Bos, Jeremy},
  booktitle    = {Autonomous Systems: Sensors, Processing and Security for Ground, Air, Sea and Space Vehicles and Infrastructure 2022},
  volume       = {12115},
  pages        = {146--152},
  year         = {2022},
  organization = {SPIE}
}

@article{burnett2022boreas,
  title     = {Boreas: A multi-season autonomous driving dataset},
  author    = {Burnett, Keenan and Yoon, David J and Wu, Yuchen and Li, Andrew Z and Zhang, Haowei and Lu, Shichen and Qian, Jingxing and Tseng, Wei-Kang and Lambert, Andrew and Leung, Keith YK and others},
  journal   = {The International Journal of Robotics Research},
  pages     = {02783649231160195},
  year      = {2022},
  publisher = {SAGE Publications Sage UK: London, England}
}

@inproceedings{chadwick2019distant,
  title        = {Distant vehicle detection using radar and vision},
  author       = {Chadwick, Simon and Maddern, Will and Newman, Paul},
  booktitle    = {International Conference on Robotics and Automation (ICRA)},
  pages        = {8311--8317},
  year         = {2019},
  organization = {IEEE}
}

@inproceedings{cai2018cascade,
  title={Cascade r-cnn: Delving into high quality object detection},
  author={Cai, Zhaowei and Vasconcelos, Nuno},
  booktitle={Proceedings of the IEEE conference on computer vision and pattern recognition},
  pages={6154--6162},
  year={2018}
}

@article{wang2020hrnet,
  title={Deep high-resolution representation learning for visual recognition},
  author={Wang, Jingdong and Sun, Ke and Cheng, Tianheng and Jiang, Borui and Deng, Chaorui and Zhao, Yang and Liu, Dong and Mu, Yadong and Tan, Mingkui and Wang, Xinggang and others},
  journal={IEEE transactions on pattern analysis and machine intelligence},
  volume={43},
  number={10},
  pages={3349--3364},
  year={2020},
  publisher={IEEE}
}

@article{yuan2021hrformer,
  title={Hrformer: High-resolution vision transformer for dense predict},
  author={Yuan, Yuhui and Fu, Rao and Huang, Lang and Lin, Weihong and Zhang, Chao and Chen, Xilin and Wang, Jingdong},
  journal={Advances in Neural Information Processing Systems},
  volume={34},
  pages={7281--7293},
  year={2021}
}


@inproceedings{nobis2019deep,
  title        = {A deep learning-based radar and camera sensor fusion architecture for object detection},
  author       = {Nobis, Felix and Geisslinger, Maximilian and Weber, Markus and Betz, Johannes and Lienkamp, Markus},
  booktitle    = {Sensor Data Fusion: Trends, Solutions, Applications (SDF)},
  pages        = {1--7},
  year         = {2019},
  organization = {IEEE}
}

@inproceedings{he2016deep,
  title={Deep residual learning for image recognition},
  author={He, Kaiming and Zhang, Xiangyu and Ren, Shaoqing and Sun, Jian},
  booktitle={Proceedings of the IEEE conference on computer vision and pattern recognition},
  pages={770--778},
  year={2016}
}


@article{russakovsky2015imagenet,
  title={Imagenet large scale visual recognition challenge},
  author={Russakovsky, Olga and Deng, Jia and Su, Hao and Krause, Jonathan and Satheesh, Sanjeev and Ma, Sean and Huang, Zhiheng and Karpathy, Andrej and Khosla, Aditya and Bernstein, Michael and others},
  journal={International journal of computer vision},
  volume={115},
  pages={211--252},
  year={2015},
  publisher={Springer}
}


@inproceedings{yu2016unitbox,
  title={Unitbox: An advanced object detection network},
  author={Yu, Jiahui and Jiang, Yuning and Wang, Zhangyang and Cao, Zhimin and Huang, Thomas},
  booktitle={Proceedings of the 24th ACM international conference on Multimedia},
  pages={516--520},
  year={2016}
}


@article{safa2021fail,
  title     = {Fail-Safe Human Detection for Drones Using a Multi-Modal Curriculum Learning Approach},
  author    = {Safa, Ali and Verbelen, Tim and Ocket, Ilja and Bourdoux, Andr{\'e} and Catthoor, Francky and Gielen, Georges GE},
  journal   = {IEEE Robotics and Automation Letters},
  volume    = {7},
  number    = {1},
  pages     = {303--310},
  year      = {2021},
  publisher = {IEEE}
}

@article{caltagirone2019lidar,
  title     = {LIDAR-camera fusion for road detection using fully convolutional neural networks},
  author    = {Caltagirone, Luca and Bellone, Mauro and Svensson, Lennart and Wahde, Mattias},
  journal   = {Robotics and Autonomous Systems},
  volume    = {111},
  pages     = {125--131},
  year      = {2019},
  publisher = {Elsevier}
}

@inproceedings{yu2019multi,
  title={Multi-stage residual fusion network for lidar-camera road detection},
  author={Yu, Dameng and Xiong, Hui and Xu, Qing and Wang, Jianqiang and Li, Keqiang},
  booktitle={IEEE Intelligent Vehicles Symposium (IV)},
  pages={2323--2328},
  year={2019},
  organization={IEEE}
}

@article{yang2022ralibev,
  title   = {RaLiBEV: Radar and LiDAR BEV Fusion Learning for Anchor Box Free Object Detection System},
  author  = {Yang, Yanlong and Liu, Jianan and Huang, Tao and Han, Qing-Long and Ma, Gang and Zhu, Bing},
  journal = {arXiv preprint arXiv:2211.06108},
  year    = {2022}
},

@article{Nobis2020May,
  author           = {Nobis, Felix and Geisslinger, Maximilian and Weber, Markus and Betz, Johannes and Lienkamp, Markus},
  journal          = {arXiv},
  title            = {{A Deep Learning-based Radar and Camera Sensor Fusion Architecture for Object Detection}},
  year             = {2020},
  month            = may,
  citation         = {181},
  file             = {:/home/kvnptl/HBRS/semester_3/advance_scientific_writing/papers/techniques/A deep learning-based radar and camera sensor _230109_182903.pdf:PDF},
  groups           = {Camera-Radar fusion, Sensor Fusion},
  keywords         = {Computer Vision and Pattern Recognition (cs.CV)},
  modificationdate = {2023-04-04T00:24:08},
  priority         = {prio1},
  ranking          = {rank4},
  readstatus       = {read},
  url              = {https://arxiv.org/abs/2005.07431v1}
},

 @misc{SensorModalityCharacteristics1,
  title   = {Sensor Fusion for Autonomous Vehicles: Strategies, Methods, and Tradeoffs },
  url     = {https://youtu.be/2Fcmh7SLPBI},
  year    = {2022},
  author  = {robert lagani√®re},
  urldate = {18.12.2022},
  note    = {Accessed on 18.12.2022}
},